
@misc{yjx00032020Feb,
	author = {yjx0003},
	title = {{UBUMonitor}},
	journal = {GitHub},
	year = {2020},
	month = {Feb},
	note = {[Online; accessed 19. Feb. 2020]},
	url = {https://github.com/yjx0003/UBUMonitor}
}

@misc{ wiki:mineria,
	author = "Wikipedia",
	title = "Minería de datos --- Wikipedia{,} La enciclopedia libre",
	year = "2020",
	url = "https://es.wikipedia.org/w/index.php?title=Miner%C3%ADa_de_datos&oldid=123074000",
	note = "[Internet; descargado 24-febrero-2020]"
}

@misc{BibEntry2016Mar,
	title = {{{\textquestiondown}Que es el Clustering?}},
	journal = {Jarroba},
	year = {2016},
	month = {Mar},
	note = {[Online; accessed 24. Feb. 2020]},
	url = {https://jarroba.com/que-es-el-clustering}
}

@misc{ wiki:aprendizaje,
	author = "Wikipedia",
	title = "Aprendizaje no supervisado --- Wikipedia{,} La enciclopedia libre",
	year = "2019",
	url = "https://es.wikipedia.org/w/index.php?title=Aprendizaje_no_supervisado&oldid=121459999",
	note = "[Internet; descargado 24-febrero-2020]"
}

@misc{ wiki:scrum,
	author = "Wikipedia",
	title = "Scrum (desarrollo de software) --- Wikipedia{,} La enciclopedia libre",
	year = "2020",
	url = "https://es.wikipedia.org/w/index.php?title=Scrum_(desarrollo_de_software)&oldid=123782412",
	note = "[Internet; descargado 25-febrero-2020]"
}

@misc{ wiki:git,
	author = "Wikipedia",
	title = "Git --- Wikipedia{,} La enciclopedia libre",
	year = "2020",
	url = "https://es.wikipedia.org/w/index.php?title=Git&oldid=123779424",
	note = "[Internet; descargado 25-febrero-2020]"
}

@misc{ wiki:kmedias,
	author = "Wikipedia",
	title = "K-medias --- Wikipedia{,} La enciclopedia libre",
	year = "2019",
	url = "https://es.wikipedia.org/w/index.php?title=K-medias&oldid=121010711",
	note = "[Internet; descargado 25-febrero-2020]"
}

@misc{ wiki:kmeans++,
	author = "Wikipedia",
	title = "K-means++ --- Wikipedia{,} La enciclopedia libre",
	year = "2019",
	url = "https://es.wikipedia.org/w/index.php?title=K-means%2B%2B&oldid=118092451",
	note = "[Internet; descargado 25-febrero-2020]"
}

@misc{Analiticas_aprendizaje,
	title = {{{\textquestiondown}Qu{\ifmmode\acute{e}\else\'{e}\fi} son las anal{\ifmmode\acute{\imath}\else\'{\i}\fi}ticas de aprendizaje y qu{\ifmmode\acute{e}\else\'{e}\fi} utilidad tienen para la educaci{\ifmmode\acute{o}\else\'{o}\fi}n del siglo XXI?}},
	journal = {Inevery Crea M{\ifmmode\acute{e}\else\'{e}\fi}xico},
	year = {2020},
	month = {Mar},
	note = {[Online; accessed 23. Mar. 2020]},
	url = {https://ineverycrea.mx/comunidad/ineverycreamexico/recurso/que-son-las-analiticas-de-aprendizaje-y-que/d5621157-2528-9d49-5453-c639673379c3}
}

@misc{EVA,
	title = {{Qu{\ifmmode\acute{e}\else\'{e}\fi} es un Entorno Virtual de Aprendizaje (EVA) -}},
	journal = {Aula 1},
	year = {2015},
	month = {Aug},
	note = {[Online; accessed 23. Mar. 2020]},
	url = {https://www.aula1.com/entorno-virtual-aprendizaje-eva}
}

@misc{JavaFX,
	title = {{What Is JavaFX? {$\vert$} JavaFX 2 Tutorials and Documentation}},
	year = {2013},
	month = {Mar},
	note = {[Online; accessed 25. Mar. 2020]},
	url = {https://docs.oracle.com/javafx/2/overview/jfxpub-overview.htm}
}

@misc{CSS,
	title = {{Cascading Style Sheets}},
	year = {2020},
	month = {Mar},
	note = {[Online; accessed 25. Mar. 2020]},
	url = {https://www.w3.org/Style/CSS}
}

@misc{ wiki:fuzzy,
	author = "Wikipedia",
	title = "Fuzzy clustering --- Wikipedia{,} La enciclopedia libre",
	year = "2019",
	url = "https://es.wikipedia.org/w/index.php?title=Fuzzy_clustering&oldid=120718644",
	note = "[Internet; descargado 16-abril-2020]"
}

@misc{ wiki:logicaDifusa,
	author = "Wikipedia",
	title = "Lógica difusa --- Wikipedia{,} La enciclopedia libre",
	year = "2020",
	url = "https://es.wikipedia.org/w/index.php?title=L%C3%B3gica_difusa&oldid=123288654",
	note = "[Internet; descargado 16-abril-2020]"
}

@misc{ wiki:dimensiones,
	author = "{Wikipedia contributors}",
	title = "Dimensionality reduction --- {Wikipedia}{,} The Free Encyclopedia",
	year = "2020",
	url = "https://en.wikipedia.org/w/index.php?title=Dimensionality_reduction&oldid=949231135",
	note = "[Online; accessed 22-April-2020]"
}

@misc{PCA,
	author = {J. amatrodrigo@gmail. com, Joaqu{\ifmmode\acute{\imath}\else\'{\i}\fi}n Amat Rodrigo},
	title = {{An{\ifmmode\acute{a}\else\'{a}\fi}lisis de Componentes Principales (Principal Component Analysis, PCA) y t-SNE}},
	year = {2020},
	month = {Apr},
	note = {[Online; accessed 22. Apr. 2020]},
	url = {https://www.cienciadedatos.net/documentos/35_principal_component_analysis}
}

@misc{ wiki:TSNE,
	author = "{Wikipedia contributors}",
	title = "T-distributed stochastic neighbor embedding --- {Wikipedia}{,} The Free Encyclopedia",
	year = "2020",
	url = "https://en.wikipedia.org/w/index.php?title=T-distributed_stochastic_neighbor_embedding&oldid=951308623",
	note = "[Online; accessed 
	
	29-April-2020
	]"
}

@misc{manhattan,
	title = {{La distancia Manhattan o la distancia euclidea}},
	journal = {Todos no somos mamiferos},
	year = {2018},
	month = {Mar},
	note = {[Online; accessed 30. May 2020]},
	url = {https://eloviparo.wordpress.com/2018/03/13/la-distancia-manhattan-o-la-distancia-euclidea}
}

@misc{ wiki:euclidiana,
	author = "Wikipedia",
	title = "Distancia euclidiana --- Wikipedia{,} La enciclopedia libre",
	year = "2020",
	url = "https://es.wikipedia.org/w/index.php?title=Distancia_euclidiana&oldid=126300410",
	note = "[Internet; descargado 30-mayo-2020]"
}

@misc{ wiki:chebyshov,
	author = "Wikipedia",
	title = "Distancia de Chebyshov --- Wikipedia{,} La enciclopedia libre",
	year = "2019",
	url = "https://es.wikipedia.org/w/index.php?title=Distancia_de_Chebyshov&oldid=121945489",
	note = "[Internet; descargado 30-mayo-2020]"
}

@misc{canberra,
	author = {Schulz, Jan},
	title = {{Canberra distance}},
	year = {2020},
	month = {May},
	note = {[Online; accessed 30. May 2020]},
	url = {http://www.code10.info/index.php?option=com_content&view=article&id=49:article_canberra-distance&catid=38:cat_coding_algorithms_data-similarity&Itemid=57}
}

@inproceedings{DBSCAN_paper,
	author = {Ester, Martin and Kriegel, Hans-Peter and Sander, J\"{o}rg and Xu, Xiaowei},
	title = {A Density-Based Algorithm for Discovering Clusters in Large Spatial Databases with Noise},
	year = {1996},
	publisher = {AAAI Press},
	booktitle = {Proceedings of the Second International Conference on Knowledge Discovery and Data Mining},
	pages = {226–231},
	numpages = {6},
	keywords = {arbitrary shape of clusters, handling nlj4-275oise, clustering algorithms, efficiency on large spatial databases},
	location = {Portland, Oregon},
	series = {KDD’96}
}

@misc{JavaScript,
	title = {{JavaScript}},
	journal = {Documentaci{\ifmmode\acute{o}\else\'{o}\fi}n web de MDN},
	year = {2020},
	month = {Jun},
	note = {[Online; accessed 2. Jun. 2020]},
	url = {https://developer.mozilla.org/es/docs/Web/JavaScript}
}

@misc{clusteringValidation,
	title = {{Cluster Validation Statistics: Must Know Methods - Datanovia}},
	journal = {Datanovia},
	year = {2020},
	month = {Jun},
	note = {[Online; accessed 2. Jun. 2020]},
	url = {https://www.datanovia.com/en/lessons/cluster-validation-statistics-must-know-methods}
}

@misc{moodlePlugins,
	title = {{6 Best Moodle Reporting Plugins for learning analytics in 2020 - Edwiser}},
	journal = {Edwiser},
	year = {2020},
	month = {Feb},
	note = {[Online; accessed 3. Jun. 2020]},
	url = {https://edwiser.org/blog/6-best-moodle-reporting-plugins-for-learning-analytics-in-2020}
}

@INPROCEEDINGS{Pelleg00x-means:extending,
	author = {Dau Pelleg and Andrew Moore},
	title = {X-means: Extending K-means with Efficient Estimation of the Number of Clusters},
	booktitle = {In Proceedings of the 17th International Conf. on Machine Learning},
	year = {2000},
	pages = {727--734},
	publisher = {Morgan Kaufmann}
}

@article{REHIOUI2016560,
	title = "DENCLUE-IM: A New Approach for Big Data Clustering",
	journal = "Procedia Computer Science",
	volume = "83",
	pages = "560 - 567",
	year = "2016",
	note = "The 7th International Conference on Ambient Systems, Networks and Technologies (ANT 2016) / The 6th International Conference on Sustainable Energy Information Technology (SEIT-2016) / Affiliated Workshops",
	issn = "1877-0509",
	doi = "https://doi.org/10.1016/j.procs.2016.04.265",
	url = "http://www.sciencedirect.com/science/article/pii/S1877050916302988",
	author = "Hajar Rehioui and Abdellah Idrissi and Manar Abourezq and Faouzia Zegrari",
	keywords = "Big Data, Clustering, Density based clustering, DENCLUE",
	abstract = "Every day, a large volume of data is generated by multiple sources, social networks, mobile devices, etc. This variety of data sources produce an heterogeneous data, which are engendered in high frequency. One of the techniques allowing to a better use and exploit this kind of complex data is clustering. Finding a compromise between performance and speed response time present a major challenge to classify this monstrous data. For this purpose, we propose an efficient algorithm which is an improved version of DENCLUE, called DENCLUE-IM. The idea behind is to speed calculation by avoiding the crucial step in DENCLUE which is the Hill Climbing step. Experimental results using large datasets proves the efficiency of our proposed algorithm."
}

@book{hierarchical,
	TITLE = {Data Mining: Practical Machine Learning Tools and Techniques},
	AUTHOR = {Eibe Frank and Ian H. Witten},
	YEAR = {2016},
	PUBLISHER = {Morgan Kaufmann Publishers Inc.}
}

@book{java,
	TITLE = {The Java Programming Language},
	AUTHOR = {Ken Arnold, James Gosling and David Holmes},
	YEAR = {1996},
	PUBLISHER = {Addison Wesley}
}

@misc{wekaLicense,
	title = {{Commercial applications - Weka Wiki}},
	year = {2020},
	month = {Jan},
	note = {[Online; accessed 22. Jun. 2020]},
	url = {https://waikato.github.io/weka-wiki/faqs/commercial_applications}
}

@misc{ELKILicense,
	title = {{ELKI License -- AGPLv3}},
	year = {2020},
	month = {Feb},
	note = {[Online; accessed 22. Jun. 2020]},
	url = {https://elki-project.github.io/license}
}

@misc{chartjsLicense,
	author = {chartjs},
	title = {{License {$\cdot$} Chart.js documentation}},
	year = {2020},
	month = {Jun},
	note = {[Online; accessed 27. Jun. 2020]},
	url = {https://www.chartjs.org/docs/latest/notes/license.html}
}

@misc{apacheLicense,
	title = {{Licenses}},
	year = {2020},
	month = {Apr},
	note = {[Online; accessed 27. Jun. 2020]},
	url = {http://www.apache.org/licenses}
}

@misc{smileLicense,
	author = {haifengl},
	title = {{smile}},
	journal = {GitHub},
	year = {2020},
	month = {Jun},
	note = {[Online; accessed 7. Jun. 2020]},
	url = {https://github.com/haifengl/smile/blob/master/LICENSE}
}

@article{moodleMiner,
	author = {Akçapınar, Gökhan and Bayazit, Alper},
	year = {2019},
	month = {01},
	pages = {406-415},
	title = {MoodleMiner: Data Mining Analysis Tool for Moodle Learning Management System},
	volume = {18},
	journal = {İlköğretim Online},
	doi = {10.17051/ilkonline.2019.527645}
}

@inproceedings{clusteringMoodle,
	author = {Bovo, Angela and Sanchez, Stéphane and Heguy, Olivier and Duthen, Yves},
	year = {2013},
	month = {09},
	pages = {121-126},
	title = {Clustering Moodle data as a tool for profiling students},
	isbn = {978-1-4673-5093-8},
	journal = {2013 2nd International Conference on E-Learning and E-Technologies in Education, ICEEE 2013},
	doi = {10.1109/ICeLeTE.2013.6644359}
}
