
@misc{noauthor_java.net_nodate,
	title = {java.net ({Java} {Platform} {SE} 8 )},
	url = {https://docs.oracle.com/javase/8/docs/api/java/net/package-summary.html},
	urldate = {2019-06-22}
}

@misc{rouse_what_2017,
	title = {What is {Advanced} {Encryption} {Standard} ({AES})? - {Definition} from {WhatIs}.com},
	shorttitle = {What is {Advanced} {Encryption} {Standard} ({AES})?},
	url = {https://searchsecurity.techtarget.com/definition/Advanced-Encryption-Standard},
	abstract = {This definition explains the meaning of Advanced Encryption Standard (AES) and how the symmetric-key algorithm protects classified data.},
	language = {en},
	urldate = {2019-06-22},
	journal = {SearchSecurity},
	author = {Rouse, Margaret},
	month = mar,
	year = {2017}
}


@misc{noauthor_jsoup_nodate,
	title = {jsoup {Java} {HTML} {Parser}, with best of {DOM}, {CSS}, and jquery},
	url = {https://jsoup.org/},
	urldate = {2019-06-22}
}

@misc{noauthor_schneier_nodate,
	title = {Schneier on {Security}: {The} {Blowfish} {Encryption} {Algorithm}},
	url = {https://www.schneier.com/academic/blowfish/},
	urldate = {2019-06-18}
}