
@misc{armengol_aplicacion_2017,
	title = {Aplicación de escritorio para visualizar y comparar la actividad de los distintos usuarios de {Moodle} en los cursos. {La} herramienta debe permitir la integración con {UBUVirtual}. {Tecnologías}: {Java}, {Ja}..},
	copyright = {EPL-1.0},
	shorttitle = {Aplicación de escritorio para visualizar y comparar la actividad de los distintos usuarios de {Moodle} en los cursos. {La} herramienta debe permitir la integración con {UBUVirtual}. {Tecnologías}},
	url = {https://github.com/trona85/GII-17.1B-UBULog-1.0},
	urldate = {2019-05-20},
	author = {Armengol, Oscar Fernández},
	month = dec,
	year = {2017},
	note = {original-date: 2017-10-09T13:32:44Z}
}

@misc{nogal_santamaria_continuacion_2017,
	title = {Continuación y mejora de la aplicación {UBUGrades}. {Contribute} to huco95/{UBUGrades} development by creating an account on {GitHub}},
	copyright = {MIT},
	url = {https://github.com/huco95/UBUGrades},
	urldate = {2019-05-20},
	author = {Nogal Santamaría, Felix},
	month = oct,
	year = {2017},
	note = {original-date: 2017-10-10T23:30:55Z}
}

@misc{noauthor_stack_nodate,
	title = {Stack {Overflow} {Developer} {Survey} 2019},
	url = {https://insights.stackoverflow.com/survey/2019/?utm_source=social-share&utm_medium=social&utm_campaign=dev-survey-2019},
	abstract = {Nearly 90,000 took this comprehensive, annual survey of people who code. Demographics. Most loved, dreaded and wanted technologies. Salary and careers.},
	urldate = {2019-05-21},
	journal = {Stack Overflow},
	file = {Snapshot:C\:\\Users\\PC\\Zotero\\storage\\9ASDIR6Y\\2019.html:text/html}
}

@misc{noauthor_oracle_nodate,
	title = {Oracle {Java} {SE} {Support} {Roadmap}},
	url = {https://www.oracle.com/technetwork/java/java-se-support-roadmap.html},
	urldate = {2019-06-09},
	file = {Oracle Java SE Support Roadmap:C\:\\Users\\PC\\Zotero\\storage\\JMGH62FG\\java-se-support-roadmap.html:text/html}
}

@misc{noauthor_http_nodate,
	title = {{HTTP} {Methods} {GET} vs {POST}},
	url = {https://www.w3schools.com/tags/ref_httpmethods.asp},
	urldate = {2019-06-11},
	author = {, W3School},
	file = {HTTP Methods GET vs POST:C\:\\Users\\PC\\Zotero\\storage\\EDP4Q3DX\\ref_httpmethods.html:text/html}
}

@misc{noauthor_que_2008,
	title = {Qué es {SCRUM}},
	url = {https://proyectosagiles.org/que-es-scrum/},
	abstract = {Scrum es un proceso en el que se aplican de manera regular un conjunto de buenas prácticas para trabajar colaborativamente, en equipo, y obtener el mejor resultado posible de un proyecto. Estas prá…},
	language = {es-ES},
	urldate = {2019-06-11},
	journal = {Proyectos Ágiles},
	month = aug,
	year = {2008},
	file = {Snapshot:C\:\\Users\\PC\\Zotero\\storage\\KMK7YP2Y\\que-es-scrum.html:text/html}
}

@misc{francia_que_nodate,
	title = {¿{Qué} es {Scrum}?},
	url = {https://www.scrum.org/resources/blog/que-es-scrum},
	abstract = {Scrum Una mejor manera de construir productos

Descubrir lo que es Scrum en la Guía Scrum

http://www.scrumguides.org/docs/scrumguide/v2016/2016-Scrum-Guide-Spanish.pdf\#zoom=100},
	language = {en},
	urldate = {2019-06-11},
	journal = {Scrum.org},
	author = {Francia, Joel},
	file = {Snapshot:C\:\\Users\\PC\\Zotero\\storage\\3KPRZM6I\\que-es-scrum.html:text/html}
}

@misc{noauthor_guifundamental_nodate,
	title = {Guía fundamental de {Scrum} • {Jerónimo} {Palacios}},
	url = {https://jeronimopalacios.com/scrum/},
	abstract = {Scrum es el método ágil de gestión de proyectos más usado en el mundo. Desde su presentación en 1995, ha sufrido muchos cambios y mejoras, consiguiendo...},
	language = {es},
	urldate = {2019-06-11},
	journal = {Jerónimo Palacios},
	file = {Snapshot:C\:\\Users\\PC\\Zotero\\storage\\CFFI3EQA\\scrum.html:text/html}
}

@misc{noauthor_scrum_2016,
	title = {Scrum en la metodología Ágil: te explicamos qué es y cómo funciona},
	shorttitle = {Scrum en la metodología Ágil},
	url = {https://clouding.io/blog/scrum-en-la-metodologia-agil-te-explicamos-que-es-y-como-funciona/},
	abstract = {Scrum es una forma de trabajo de la metodología Ágil consistente en prácticas colaborativas que minimizan riesgos en la elaboración de un proyecto.},
	language = {es-ES},
	urldate = {2019-06-11},
	journal = {Cloudi.ng Blog},
	month = dec,
	year = {2016},
	file = {Snapshot:C\:\\Users\\PC\\Zotero\\storage\\BRS78TTP\\scrum-en-la-metodologia-agil-te-explicamos-que-es-y-como-funciona.html:text/html}
}

@misc{noauthor_course_nodate,
	title = {Course module - {MoodleDocs}},
	url = {https://docs.moodle.org/dev/Course_module},
	urldate = {2019-06-12},
	file = {Course module - MoodleDocs:C\:\\Users\\PC\\Zotero\\storage\\A974RR5E\\Course_module.html:text/html}
}

@misc{noauthor_grade_nodate,
	title = {Grade items - {MoodleDocs}},
	url = {https://docs.moodle.org/37/en/Grade_items},
	urldate = {2019-06-12},
	file = {Grade items - MoodleDocs:C\:\\Users\\PC\\Zotero\\storage\\VJCL5E69\\Grade_items.html:text/html}
}

@misc{noauthor_course_nodate-1,
	title = {Course categories - {MoodleDocs}},
	url = {https://docs.moodle.org/37/en/Course_categories},
	urldate = {2019-06-12},
	file = {Course categories - MoodleDocs:C\:\\Users\\PC\\Zotero\\storage\\KE6SBWQI\\Course_categories.html:text/html}
}

@misc{noauthor_api_nodate,
	title = {{API} {REST}: qué es y cuáles son sus ventajas en el desarrollo de proyectos},
	shorttitle = {{API} {REST}},
	url = {https://bbvaopen4u.com/es/actualidad/api-rest-que-es-y-cuales-son-sus-ventajas-en-el-desarrollo-de-proyectos},
	abstract = {REST cambió por completo la ingeniería de software a partir del 2000. Este nuevo enfoque de desarrollo de proyectos y servicios web fue definido por Roy Fielding, el padre de la especificación HTTP y},
	urldate = {2019-06-12},
	journal = {BBVAOpen4U},
	file = {Snapshot:C\:\\Users\\PC\\Zotero\\storage\\RW9S78ME\\api-rest-que-es-y-cuales-son-sus-ventajas-en-el-desarrollo-de-proyectos.html:text/html}
}

@misc{noauthor_moodle_nodate,
	title = {Moodle packages for {Windows}},
	url = {https://download.moodle.org/windows/},
	urldate = {2019-06-13},
	file = {Moodle packages for Windows:C\:\\Users\\PC\\Zotero\\storage\\WIEV46ZD\\windows.html:text/html}
}

@misc{noauthor_token_nodate,
	title = {Token para ingreso - {MoodleDocs}},
	url = {https://docs.moodle.org/all/es/Token_para_ingreso},
	urldate = {2019-06-13},
	file = {Token para ingreso - MoodleDocs:C\:\\Users\\PC\\Zotero\\storage\\QDKA9BFB\\Token_para_ingreso.html:text/html}
}